
% Journals

% First the Full Name is given, then the abbreviation used in the AMS Math
% Reviews, with an indication if it could not be found there.
% Note the 2nd overwrites the 1st, so swap them if you want the full name.
%Entries

@MastersThesis{meerman2022risk,
  title={Story level risk assessment in agile software development using machine learning},
  journal={Master's Thesis}
  author={Meerman, Dries}
  school={Universiteit van Amsterdam},
  address={the Netherlands},
  year={2022},
}

@article{choetkiertikul2017predicting,
  title={Predicting the delay of issues with due dates in software projects},
  author={Choetkiertikul, Morakot and Dam, Hoa Khanh and Tran, Truyen and Ghose, Aditya},
  journal={Empirical Software Engineering},
  volume={22},
  number={3},
  pages={1223--1263},
  year={2017},
  publisher={Springer}
}


@article{dingsoyr2021managing,
  title={Managing layers of risk: Uncertainty in large development programs combining agile software development and traditional project management},
  author={Dings{\o}yr, Torgeir and Petit, Yvan},
  journal={arXiv preprint arXiv:2103.09034},
  year={2021}
}

@article{cohen2004introduction,
  title={An introduction to agile methods.},
  author={Cohen, David and Lindvall, Mikael and Costa, Patricia},
  journal={Adv. Comput.},
  volume={62},
  number={03},
  pages={1--66},
  year={2004}
}

@article{deemer2010scrum,
  title={The scrum primer},
  author={Deemer, Pete and Benefield, Gabrielle and Larman, Craig and Vodde, Bas},
  journal={Scrum Primer is an in-depth introduction to the theory and practice of Scrum, albeit primarily from a software development perspective, available at: http://assets. scrumtraininginstitute. com/downloads/1/scrumprimer121. pdf},
  volume={1285931497},
  pages={15},
  year={2010}
}

@inproceedings{siddique2014practical,
  title={Practical insight about risk management process in agile software projects in Norway},
  author={Siddique, Lubna and Hussein, Bassam A},
  booktitle={2014 IEEE International Technology Management Conference},
  pages={1--4},
  year={2014},
  organization={IEEE}
}

@article{walczak2013risks,
  title={Risks characteristic to Agile project management methodologies and responses to them},
  author={Walczak, Wojciech and Kuchta, Dorota},
  journal={Operations Research and Decisions},
  volume={23},
  year={2013}
}

@article{kruchten2012technical,
  title={Technical debt: From metaphor to theory and practice},
  author={Kruchten, Philippe and Nord, Robert L and Ozkaya, Ipek},
  journal={Ieee software},
  volume={29},
  number={6},
  pages={18--21},
  year={2012},
  publisher={IEEE}
}

@article{montgomery2022jira,
  title={Jira: An Alternative Issue Tracking Dataset},
  author={Montgomery, Lloyd and L{\"u}ders, Clara and Maalej, Walid},
  journal={arXiv preprint arXiv:2201.08368},
  year={2022}
}


